<?xml version="1.0" encoding="UTF-8"?><collection xmlns="http://www.loc.gov/MARC21/slim"><record><leader>00398nam--2200133-i-4500</leader><controlfield tag="001">000048823</controlfield><controlfield tag="002">20161230</controlfield><controlfield tag="005">20161230201047</controlfield><controlfield tag="008">060222s1000------------r-----000-0-eng-d</controlfield><datafield ind1=" " ind2=" " tag="080"><subfield code="a">621.039.83(061.3)</subfield></datafield><datafield ind1=" " ind2=" " tag="245"><subfield code="a">Radiation, radioisotopes and rearing methods in the control of insect pests</subfield></datafield><datafield ind1=" " ind2=" " tag="260"><subfield code="a">Vienna, Intern.Atomic Energy Agency, 1968, Vi+150p</subfield></datafield><datafield ind1=" " ind2=" " tag="490"><subfield code="a">Panel Proc.Series</subfield></datafield><datafield ind1=" " ind2=" " tag="852"><subfield code="a">45559</subfield></datafield></record></collection>